%
% Standard list of LSST DESC references

% !! DO NOT EDIT! !!
% This file is maintained as part of the `start_paper` project,
% and will be overwritten by `make update`.

@ARTICLE{WhitePaper,
   author = {{LSST Dark Energy Science Collaboration}},
    title = "{Large Synoptic Survey Telescope: Dark Energy Science Collaboration}",
  journal = {ArXiv e-prints},
archivePrefix = "arXiv",
   eprint = {1211.0310},
 primaryClass = "astro-ph.CO",
 keywords = {Astrophysics - Cosmology and Extragalactic Astrophysics, High Energy Physics - Experiment},
     year = 2012,
    month = nov,
   adsurl = {http://adsabs.harvard.edu/abs/2012arXiv1211.0310L},
  adsnote = {Provided by the SAO/NASA Astrophysics Data System},
collaboration = {LSST Dark Energy Science}
}

@ARTICLE{ScienceBook,
   author = {{LSST Science Collaboration}},
    title = "{LSST Science Book, Version 2.0}",
  journal = {ArXiv e-prints},
archivePrefix = "arXiv",
   eprint = {0912.0201},
 primaryClass = "astro-ph.IM",
 keywords = {Astrophysics - Instrumentation and Methods for Astrophysics, Astrophysics - Cosmology and Extragalactic Astrophysics, Astrophysics - Earth and Planetary Astrophysics, Astrophysics - Galaxy Astrophysics, Astrophysics - Solar and Stellar Astrophysics},
     year = 2009,
    month = dec,
   adsurl = {http://adsabs.harvard.edu/abs/2009arXiv0912.0201L},
  adsnote = {Provided by the SAO/NASA Astrophysics Data System},
collaboration = {LSST Science}
}

@ARTICLE{Overview,
   author = {{Ivezic}, Z. and {Tyson}, J.~A. and others},
    title = "{LSST: from Science Drivers to Reference Design and Anticipated Data Products}",
  journal = {ArXiv e-prints},
archivePrefix = "arXiv",
   eprint = {0805.2366},
 keywords = {Astrophysics},
     year = 2008,
    month = may,
   adsurl = {http://adsabs.harvard.edu/abs/2008arXiv0805.2366I},
  adsnote = {Provided by the SAO/NASA Astrophysics Data System},
collaboration = {LSST}
}

@ARTICLE{hartlap2011,
   author = {{Hartlap}, J. and {Hilbert}, S. and {Schneider}, P. and {Hildebrandt}, H.
  },
    title = "{A bias in cosmic shear from galaxy selection: results from ray-tracing simulations}",
  journal = {\aap},
archivePrefix = "arXiv",
   eprint = {1010.0010},
 keywords = {large-scale structure of Universe, cosmological parameters, gravitational lensing: weak},
     year = 2011,
    month = apr,
   volume = 528,
      eid = {A51},
    pages = {A51},
      doi = {10.1051/0004-6361/201015850},
   adsurl = {http://adsabs.harvard.edu/abs/2011A%26A...528A..51H},
  adsnote = {Provided by the SAO/NASA Astrophysics Data System}
}

@ARTICLE{maccrann2017,
   author = {{MacCrann}, N. and {Aleksi{\'c}}, J. and {Amara}, A. and {Bridle}, S.~L. and 
  {Bruderer}, C. and {Chang}, C. and {Dodelson}, S. and {Eifler}, T.~F. and 
  {Huff}, E.~M. and {Huterer}, D. and {Kacprzak}, T. and {Refregier}, A. and 
  {Suchyta}, E. and {Wechsler}, R.~H. and {Zuntz}, J. and {Abbott}, T.~M.~C. and 
  {Allam}, S. and {Annis}, J. and {Armstrong}, R. and {Benoit-L{\'e}vy}, A. and 
  {Brooks}, D. and {Burke}, D.~L. and {Carnero Rosell}, A. and 
  {Carrasco Kind}, M. and {Carretero}, J. and {Castander}, F.~J. and 
  {Crocce}, M. and {Cunha}, C.~E. and {da Costa}, L.~N. and {Desai}, S. and 
  {Diehl}, H.~T. and {Dietrich}, J.~P. and {Doel}, P. and {Evrard}, A.~E. and 
  {Flaugher}, B. and {Fosalba}, P. and {Gerdes}, D.~W. and {Goldstein}, D.~A. and 
  {Gruen}, D. and {Gruendl}, R.~A. and {Gutierrez}, G. and {Honscheid}, K. and 
  {James}, D.~J. and {Jarvis}, M. and {Krause}, E. and {Kuehn}, K. and 
  {Kuropatkin}, N. and {Lima}, M. and {Marshall}, J.~L. and {Melchior}, P. and 
  {Menanteau}, F. and {Miquel}, R. and {Plazas}, A.~A. and {Romer}, A.~K. and 
  {Rykoff}, E.~S. and {Sanchez}, E. and {Scarpine}, V. and {Sevilla-Noarbe}, I. and 
  {Sheldon}, E. and {Soares-Santos}, M. and {Swanson}, M.~E.~C. and 
  {Tarle}, G. and {Thomas}, D. and {Vikram}, V.},
    title = "{Inference from the small scales of cosmic shear with current and future Dark Energy Survey data}",
  journal = {\mnras},
archivePrefix = "arXiv",
   eprint = {1608.01838},
     year = 2017,
    month = mar,
   volume = 465,
    pages = {2567-2583},
      doi = {10.1093/mnras/stw2849},
   adsurl = {http://adsabs.harvard.edu/abs/2017MNRAS.465.2567M},
  adsnote = {Provided by the SAO/NASA Astrophysics Data System}
}

@ARTICLE{melchior2015,
   author = {{Melchior}, P. and {Suchyta}, E. and {Huff}, E. and {Hirsch}, M. and 
  {Kacprzak}, T. and {Rykoff}, E. and {Gruen}, D. and {Armstrong}, R. and 
  {Bacon}, D. and {Bechtol}, K. and {Bernstein}, G.~M. and {Bridle}, S. and 
  {Clampitt}, J. and {Honscheid}, K. and {Jain}, B. and {Jouvel}, S. and 
  {Krause}, E. and {Lin}, H. and {MacCrann}, N. and {Patton}, K. and 
  {Plazas}, A. and {Rowe}, B. and {Vikram}, V. and {Wilcox}, H. and 
  {Young}, J. and {Zuntz}, J. and {Abbott}, T. and {Abdalla}, F.~B. and 
  {Allam}, S.~S. and {Banerji}, M. and {Bernstein}, J.~P. and 
  {Bernstein}, R.~A. and {Bertin}, E. and {Buckley-Geer}, E. and 
  {Burke}, D.~L. and {Castander}, F.~J. and {da Costa}, L.~N. and 
  {Cunha}, C.~E. and {Depoy}, D.~L. and {Desai}, S. and {Diehl}, H.~T. and 
  {Doel}, P. and {Estrada}, J. and {Evrard}, A.~E. and {Neto}, A.~F. and 
  {Fernandez}, E. and {Finley}, D.~A. and {Flaugher}, B. and {Frieman}, J.~A. and 
  {Gaztanaga}, E. and {Gerdes}, D. and {Gruendl}, R.~A. and {Gutierrez}, G.~R. and 
  {Jarvis}, M. and {Karliner}, I. and {Kent}, S. and {Kuehn}, K. and 
  {Kuropatkin}, N. and {Lahav}, O. and {Maia}, M.~A.~G. and {Makler}, M. and 
  {Marriner}, J. and {Marshall}, J.~L. and {Merritt}, K.~W. and 
  {Miller}, C.~J. and {Miquel}, R. and {Mohr}, J. and {Neilsen}, E. and 
  {Nichol}, R.~C. and {Nord}, B.~D. and {Reil}, K. and {Roe}, N.~A. and 
  {Roodman}, A. and {Sako}, M. and {Sanchez}, E. and {Santiago}, B.~X. and 
  {Schindler}, R. and {Schubnell}, M. and {Sevilla-Noarbe}, I. and 
  {Sheldon}, E. and {Smith}, C. and {Soares-Santos}, M. and {Swanson}, M.~E.~C. and 
  {Sypniewski}, A.~J. and {Tarle}, G. and {Thaler}, J. and {Thomas}, D. and 
  {Tucker}, D.~L. and {Walker}, A. and {Wechsler}, R. and {Weller}, J. and 
  {Wester}, W.},
    title = "{Mass and galaxy distributions of four massive galaxy clusters from Dark Energy Survey Science Verification data}",
  journal = {\mnras},
archivePrefix = "arXiv",
   eprint = {1405.4285},
 keywords = {gravitational lensing: weak, galaxies: clusters: individual: RXC J2248.7-4431, galaxies: clusters: individual: 1E 0657-56, galaxies: clusters: individual: SCSO J233227-535827, galaxies: clusters: individual: Abell 3261, cosmology: observations},
     year = 2015,
    month = may,
   volume = 449,
    pages = {2219-2238},
      doi = {10.1093/mnras/stv398},
   adsurl = {http://adsabs.harvard.edu/abs/2015MNRAS.449.2219M},
  adsnote = {Provided by the SAO/NASA Astrophysics Data System}
}

@ARTICLE{simet2015,
   author = {{Simet}, M. and {Mandelbaum}, R.},
    title = "{Background sky obscuration by cluster galaxies as a source of systematic error for weak lensing}",
  journal = {\mnras},
archivePrefix = "arXiv",
   eprint = {1406.4908},
 keywords = {gravitational lensing: weak, methods: data analysis, galaxies: clusters: general},
     year = 2015,
    month = may,
   volume = 449,
    pages = {1259-1269},
      doi = {10.1093/mnras/stv313},
   adsurl = {http://adsabs.harvard.edu/abs/2015MNRAS.449.1259S},
  adsnote = {Provided by the SAO/NASA Astrophysics Data System}
}

%
