%
% Add your bibtex items here:

%


@ARTICLE{2016MNRAS.459.4467B,
   author = {{Bernstein}, G.~M. and {Armstrong}, R. and {Krawiec}, C. and 
	{March}, M.~C.},
    title = "{An accurate and practical method for inference of weak gravitational lensing from galaxy images}",
  journal = {\mnras},
archivePrefix = "arXiv",
   eprint = {1508.05655},
 primaryClass = "astro-ph.IM",
 keywords = {gravitational lensing: weak, methods: data analysis},
     year = 2016,
    month = jul,
   volume = 459,
    pages = {4467-4484},
      doi = {10.1093/mnras/stw879},
   adsurl = {http://adsabs.harvard.edu/abs/2016MNRAS.459.4467B},
  adsnote = {Provided by the SAO/NASA Astrophysics Data System}
}



@ARTICLE{2014MNRAS.438.1880B,
   author = {{Bernstein}, G.~M. and {Armstrong}, R.},
    title = "{Bayesian lensing shear measurement}",
  journal = {\mnras},
archivePrefix = "arXiv",
   eprint = {1304.1843},
 keywords = {gravitational lensing: weak, methods: data analysis},
     year = 2014,
    month = feb,
   volume = 438,
    pages = {1880-1893},
      doi = {10.1093/mnras/stt2326},
   adsurl = {http://adsabs.harvard.edu/abs/2014MNRAS.438.1880B},
  adsnote = {Provided by the SAO/NASA Astrophysics Data System}
}
